@article{buugra2006turkish,
  title={The Turkish welfare regime in transformation},
  author={Bu{\u{g}}ra, Ay{\c{s}}e and Keyder, {\c{C}}a{\u{g}}lar},
  journal={Journal of European social policy},
  volume={16},
  number={3},
  pages={211--228},
  year={2006},
  publisher={Sage Publications Sage CA: Thousand Oaks, CA}
}

@article{yeldan2006neoliberal,
  title={Neoliberal global remedies: from speculative-led growth to IMF-led crisis in Turkey},
  author={Yeldan, Erin{\c{c}}},
  journal={Review of Radical Political Economics},
  volume={38},
  number={2},
  pages={193--213},
  year={2006},
  publisher={Sage Publications Sage CA: Thousand Oaks, CA}
}

@article{elveren2008social,
  title={Social security reform in Turkey: A critical perspective},
  author={Elveren, Adem Y},
  journal={Review of Radical Political Economics},
  volume={40},
  number={2},
  pages={212--232},
  year={2008},
  publisher={Sage Publications Sage CA: Los Angeles, CA}
}

@article{goccmen2014religion,
  title={Religion, politics and social assistance in Turkey: The rise of religiously motivated associations},
  author={G{\"o}{\c{c}}men, {\.I}pek},
  journal={Journal of European Social Policy},
  volume={24},
  number={1},
  pages={92--103},
  year={2014},
  publisher={SAGE Publications Sage UK: London, England}
}

@article{goccmen2018non,
  title={Non-public welfare in Turkey: new and old forms of religiously-motivated associations},
  author={G{\"o}{\c{c}}men, {\.I}pek},
  journal={Research and Policy on Turkey},
  volume={3},
  number={2},
  pages={187--200},
  year={2018},
  publisher={Taylor \& Francis}
}

@article{gulecc2014politics,
  title={The politics of pension reform in Greece and Turkey: International institutions as external determinants of adjustments},
  author={G{\"u}le{\c{c}}, Asl{\i}},
  journal={Global Social Policy},
  volume={14},
  number={1},
  pages={72--90},
  year={2014},
  publisher={Sage Publications Sage UK: London, England}
}

@article{yoruk2020electoral,
  title={Electoral Polarization, Class Politics and a New Welfare State in Brazil and Turkey},
  author={Y{\"o}r{\"u}k, Erdem and Comin, Alvaro},
  journal={European Review},
  volume={28},
  number={3},
  pages={513--535},
  year={2020},
  publisher={Cambridge University Press}
}

@incollection{pivenminnite:2015,
  author      = "Frances Fox Piven and Lorraine Carol Minnite",
  title       = "Crisis, Convulsion and the Welfare State",
  editor      = "Kevin Farnsworth and ZoÃ« Irving",
  booktitle   = "Social Policy in Times of Austerity: Global Economic Crisis and the New Politics of Welfare",
  publisher   = "Policy Press",
  year        = 2015,
  pages       = "143--170",
}

@article{yorukbargu:2021,
  title={The Politics of Social Assistance Growth: On the Interplay of Electoral and Contentious Politics across High- and Middle-income countries },
  author={Bargu, Ali and Y{\"o}r{\"u}k, Erdem},
  pages={1--23},
  year={2021},
}

@BOOK{Tilly1988-jc,
  title     = "From Mobilization to Revolution",
  author    = "Tilly, Charles",
  publisher = "Random House",
  year      =  1978,
  address   = "New York, NY"
}

@article{onics2009beyond,
  title={Beyond the 2001 financial crisis: The political economy of the new phase of neo-liberal restructuring in Turkey},
  author={{\"O}ni{\c{s}}, Ziya},
  journal={Review of International Political Economy},
  volume={16},
  number={3},
  pages={409--432},
  year={2009},
  publisher={Taylor \& Francis}
}